<record><leader>00000cas a22000007a 4500</leader><controlfield tag="001">12116344</controlfield><controlfield tag="008">850604d19131951wiuwr ne      0    0eng d</controlfield><datafield ind1=" " ind2=" " tag="010"><subfield code="a">sn 85040776 </subfield></datafield><datafield ind1=" " ind2=" " tag="040"><subfield code="a">NPV</subfield><subfield code="b">eng</subfield><subfield code="c">NPV</subfield><subfield code="d">OCLCQ</subfield></datafield><datafield ind1=" " ind2=" " tag="042"><subfield code="a">msc</subfield></datafield><datafield ind1=" " ind2=" " tag="045"><subfield code="a">x1x5</subfield></datafield><datafield ind1=" " ind2=" " tag="052"><subfield code="a">4123</subfield><subfield code="b">B9</subfield></datafield><datafield ind1="0" ind2="0" tag="245"><subfield code="a">Burnett County enterprise.</subfield></datafield><datafield ind1=" " ind2=" " tag="260"><subfield code="a">Webster, Wis. :</subfield><subfield code="b">[s.n.],</subfield><subfield code="c">-1951.</subfield></datafield><datafield ind1=" " ind2=" " tag="300"><subfield code="a">v. :</subfield><subfield code="b">ill.</subfield></datafield><datafield ind1=" " ind2=" " tag="310"><subfield code="a">Weekly</subfield></datafield><datafield ind1="0" ind2=" " tag="362"><subfield code="a">-38th year, no. 42 (Sept. 7, 1951).</subfield></datafield><datafield ind1="1" ind2=" " tag="362"><subfield code="a">Began in 1913.</subfield><subfield code="z">Cf. Oehlerts, d. Guide to Wis. newspapers.</subfield></datafield><datafield ind1=" " ind2=" " tag="500"><subfield code="a">Publisher varies.</subfield></datafield><datafield ind1=" " ind2=" " tag="500"><subfield code="a">Editors: H. Jeffreis, &lt;June 7, 1917&gt;; M.D. Hinshaw, June 14, 1917-March 13, 1919; W.A. Pursel, June 5, 1919-Jan. 31, 1929; C.C. Gifford, Feb. 7, 1929-&lt;Nov. 7, 1929&gt;.</subfield></datafield><datafield ind1=" " ind2=" " tag="515"><subfield code="a">Drops volume numbering: &lt;Jan. 4, 1946&gt;-July 25, 1947.</subfield></datafield><datafield ind1=" " ind2=" " tag="530"><subfield code="a">Available on microfilm from The State Historical Society of Wisconsin.</subfield></datafield><datafield ind1=" " ind2=" " tag="588"><subfield code="a">Description based on: Vol. 4, no. 44 (June 7, 1917).</subfield></datafield><datafield ind1=" " ind2=" " tag="752"><subfield code="a">United States</subfield><subfield code="b">Wisconsin</subfield><subfield code="c">Burnett</subfield><subfield code="d">Webster.</subfield></datafield><datafield ind1="0" ind2="7" tag="785"><subfield code="t">Journal of Burnett County and the times</subfield><subfield code="w">(DLC)sn 85040629</subfield></datafield><datafield ind1="0" ind2="7" tag="785"><subfield code="t">Journal of Burnett County and the times and Burnett County enterprise</subfield><subfield code="w">(DLC)sn 85040630</subfield></datafield></record>